<record><leader>00000cas a22000007a 4500</leader><controlfield tag="001">12720173</controlfield><controlfield tag="008">851025d18831933iauwr ne      0    0eng d</controlfield><datafield ind1=" " ind2=" " tag="010"><subfield code="a">sn 85050953 </subfield></datafield><datafield ind1=" " ind2=" " tag="040"><subfield code="a">INP</subfield><subfield code="b">eng</subfield><subfield code="c">INP</subfield><subfield code="d">OCLCQ</subfield><subfield code="d">IUL</subfield><subfield code="d">OCLCF</subfield></datafield><datafield ind1=" " ind2=" " tag="042"><subfield code="a">msc</subfield></datafield><datafield ind1=" " ind2=" " tag="043"><subfield code="a">n-us-ia</subfield></datafield><datafield ind1="0" ind2="0" tag="245"><subfield code="a">Hardin County citizen.</subfield></datafield><datafield ind1="1" ind2="3" tag="246"><subfield code="a">Citizen</subfield><subfield code="f">June 9, 1883-Aug. 23, 1884</subfield></datafield><datafield ind1=" " ind2=" " tag="260"><subfield code="a">Iowa Falls, Iowa :</subfield><subfield code="b">Taft &amp; Van Dorin,</subfield><subfield code="c">1883-1933.</subfield></datafield><datafield ind1=" " ind2=" " tag="300"><subfield code="a">45 v. :</subfield><subfield code="b">ill. ;</subfield><subfield code="c">56 cm.</subfield></datafield><datafield ind1=" " ind2=" " tag="310"><subfield code="a">Weekly,</subfield><subfield code="b">1893-1933</subfield></datafield><datafield ind1=" " ind2=" " tag="321"><subfield code="a">Weekly,</subfield><subfield code="b">1883-1887</subfield></datafield><datafield ind1=" " ind2=" " tag="321"><subfield code="a">Semiweekly,</subfield><subfield code="b">1888-1892</subfield></datafield><datafield ind1="0" ind2=" " tag="362"><subfield code="a">Vol. 1, no. 1 (June 9, 1883)-v. 45, no. 42 (Oct. 20, 1933).</subfield></datafield><datafield ind1=" " ind2=" " tag="500"><subfield code="a">Publisher varies.</subfield></datafield><datafield ind1=" " ind2=" " tag="500"><subfield code="a">Official paper of Hardin County.</subfield></datafield><datafield ind1=" " ind2="0" tag="651"><subfield code="a">Iowa Falls (Iowa)</subfield><subfield code="v">Newspapers.</subfield></datafield><datafield ind1=" " ind2="0" tag="651"><subfield code="a">Hardin County (Iowa)</subfield><subfield code="v">Newspapers.</subfield></datafield><datafield ind1=" " ind2="7" tag="651"><subfield code="a">Iowa</subfield><subfield code="z">Hardin County.</subfield><subfield code="2">fast</subfield><subfield code="0">(OCoLC)fst01216015</subfield></datafield><datafield ind1=" " ind2="7" tag="651"><subfield code="a">Iowa</subfield><subfield code="z">Iowa Falls.</subfield><subfield code="2">fast</subfield><subfield code="0">(OCoLC)fst01218588</subfield></datafield><datafield ind1=" " ind2="7" tag="655"><subfield code="a">Newspapers.</subfield><subfield code="2">fast</subfield><subfield code="0">(OCoLC)fst01423814</subfield></datafield><datafield ind1=" " ind2=" " tag="752"><subfield code="a">United States</subfield><subfield code="b">Iowa</subfield><subfield code="c">Hardin</subfield><subfield code="d">Iowa Falls.</subfield></datafield><datafield ind1="0" ind2="5" tag="780"><subfield code="t">Iowa Falls and Hardin County sentinel</subfield><subfield code="w">(DLC)sn 85050974</subfield><subfield code="w">(OCoLC)12845904</subfield></datafield><datafield ind1="0" ind2="0" tag="785"><subfield code="t">Iowa Falls citizen</subfield><subfield code="w">(DLC)sn 85050976</subfield><subfield code="w">(OCoLC)12935738</subfield></datafield></record>